@article{Boosting,
author = {Jerome Friedman and Trevor Hastie and Robert Tibshirani},
title = {{Additive logistic regression: a statistical view of boosting (With discussion and a rejoinder by the authors)}},
volume = {28},
journal = {The Annals of Statistics},
number = {2},
publisher = {Institute of Mathematical Statistics},
pages = {337 -- 407},
keywords = {‎classification‎, machine learning, nonparametric estimation, stagewise fitting, tree},
year = {2000},
doi = {10.1214/aos/1016218223},
URL = {https://doi.org/10.1214/aos/1016218223}
}

@article{Adaboost,
author = {Ji Zhu, Hui Zou, Saharon Rosset and Trevor Hastie},
title = {Multi-class Adaboost},
volume = {2},
journal = {Statistics and Its Interface},
number = {3},
publisher = {International Press},
pages = {349 -- 360},
keywords = {boosting, exponential loss, multi-class classification, stagewise modeling},
year = {2009},
doi = {10.4310/SII.2009.v2.n3.a8},
url = {https://dx.doi.org/10.4310/SII.2009.v2.n3.a8}
}

@INPROCEEDINGS{ped_detection,
  author={Mian, Ammar and Raninen, Elias and Ollila, Esa},
  booktitle={2020 28th European Signal Processing Conference (EUSIPCO)}, 
  title={A Comparative Study of Supervised Learning Algorithms for Symmetric Positive Definite Features}, 
  year={2021},
  volume={},
  number={},
  pages={950-954},
  doi={10.23919/Eusipco47968.2020.9287531}}
  
@inproceedings{sklearn_api,
author    = {Lars Buitinck and Gilles Louppe and Mathieu Blondel and
           Fabian Pedregosa and Andreas Mueller and Olivier Grisel and
           Vlad Niculae and Peter Prettenhofer and Alexandre Gramfort
           and Jaques Grobler and Robert Layton and Jake VanderPlas and
           Arnaud Joly and Brian Holt and Ga{\"{e}}l Varoquaux},
title     = {{API} design for machine learning software: experiences from the scikit-learn
           project},
booktitle = {ECML PKDD Workshop: Languages for Data Mining and Machine Learning},
year      = {2013},
pages = {108--122},
}